
@article{Forman.Scholz.2009.SIGKDD,
	annote = {fundamental article for reporting f-measure},
	author = {Forman, George and Scholz, Martin},
	file = {:home/habi/Dokumenty/Mendeley Desktop/Forman, Scholz - 2010 - Apples-to-Apples in Cross-Validation Studies Pitfalls in Classifier Performance Measurement.pdf:pdf},
	journal = {ACM SIGKDD Explorations Newsletter},
	mendeley-groups = {evaluation},
	number = {1},
	pages = {49--57},
	title = {{Apples-to-Apples in Cross-Validation Studies: Pitfalls in Classifier Performance Measurement}},
	volume = {12},
	year = {2010}
}


@article{Sokolova.Lapalme.2009,
	author = {Sokolova, Marina and Lapalme, Guy},
	doi = {10.1016/j.ipm.2009.03.002},
	file = {:home/habi/Dokumenty/Mendeley Desktop/Sokolova, Lapalme - 2009 - A systematic analysis of performance measures for classification tasks.pdf:pdf},
	isbn = {0306-4573},
	issn = {03064573},
	journal = {Information Processing and Management},
	keywords = {important,performance evaluation},
	mendeley-groups = {machine learning general,evaluation},
	mendeley-tags = {important},
	number = {4},
	pages = {427--437},
	publisher = {Elsevier Ltd},
	title = {{A systematic analysis of performance measures for classification tasks}},
	url = {http://dx.doi.org/10.1016/j.ipm.2009.03.002},
	volume = {45},
	year = {2009}
}


@inproceedings{caglayan-etal-2020-curious,
	title = "Curious Case of Language Generation Evaluation Metrics: A Cautionary Tale",
	author = "Caglayan, Ozan  and
	Madhyastha, Pranava  and
	Specia, Lucia",
	booktitle = "Proceedings of COLING",
	year = "2020",
	doi = "10.18653/v1/2020.coling-main.210",
	pages = "2322--2328",
}

@book{Deisenroth.et.al.2021.book,
	title = {Mathematics for Machine Learning},
	author = {Deisenroth, Marc Peter and Faisal, Aldo and Ong, Cheng Soon},
	year = {2021},
	publisher = {Cambridge University Press},
	url = {mml-book.com},
}

@book{Koller.Friedman.2009.book,
	title = {Probabilistic Graphical Models: Principles and Techniques},
	author = {Koller, Daphne  and Friedman, Nir},
	publisher = {MIT Press},
	year = {2009},
}

@book{Goodfellow.et.al.2016.book,
	title={Deep Learning},
	author={Ian Goodfellow and Yoshua Bengio and Aaron Courville},
	publisher={MIT Press},
	url={www.deeplearningbook.org},
	year={2016}
}

