@article{Dwork.Roth.2013,
	author = {Dwork, Cynthia and Roth, Aaron},
	doi = {10.1561/0400000042},
	journal = {Foundations and Trends{\textregistered} in Theoretical Computer Science},
	number = {3-4},
	pages = {211--407},
	title = {{The Algorithmic Foundations of Differential Privacy}},
	volume = {9},
	year = {2013}
}


@inproceedings{Abadi.et.al.2016.SIGSAC,
	address = {Vienna, Austria},
	author = {Abadi, Martin and Chu, Andy and Goodfellow, Ian and McMahan, H. Brendan and Mironov, Ilya and Talwar, Kunal and Zhang, Li},
	booktitle = {Proceedings of the 2016 ACM SIGSAC Conference on Computer and Communications Security},
	doi = {10.1145/2976749.2978318},
	pages = {308--318},
	publisher = {ACM},
	title = {{Deep Learning with Differential Privacy}},
	url = {https://dl.acm.org/doi/10.1145/2976749.2978318},
	year = {2016}
}


@article{Desfontaines.Pejo.2020,
	author = {Desfontaines, Damien and Pej{\'{o}}, Bal{\'{a}}zs},
	doi = {10.2478/popets-2020-0028},
	journal = {Proceedings on Privacy Enhancing Technologies},
	number = {2},
	pages = {288--313},
	title = {{SoK: Differential privacies}},
	volume = {2020},
	year = {2020}
}

@article{Sajadmanesh.Gatica-Perez.2020.arXiv,
	author = {Sajadmanesh, Sina and Gatica-Perez, Daniel},
	journal = {arXiv preprint},
	title = {{When Differential Privacy Meets Graph Neural Networks}},
	url = {http://arxiv.org/abs/2006.05535},
	year = {2020}
}

@inproceedings{Hamilton.et.al.2017.NeurIPS,
	address = {Long Beach, CA, USA},
	author = {Hamilton, Will and Ying, Rex and Leskovec, Jure},
	booktitle = {Advances in Neural Information Processing Systems 30},
	editor = {Guyon, I. and Luxburg, U. V. and Bengio, S. and Wallach, H. and Fergus, R. and Vishwanathan, S. and Garnett, R.},
	pages = {1024--1034},
	publisher = {Curran Associates, Inc.},
	title = {{Inductive Representation Learning on Large Graphs}},
	url = {http://papers.nips.cc/paper/6703-inductive-representation-learning-on-large-graphs.pdf},
	year = {2017}
}

@inproceedings{Lee.Clifton.2011.ISC,
	address = {Xi'an, China},
	author = {Lee, Jaewoo and Clifton, Chris},
	booktitle = {Proceedings of the 14th Information Security Conference (ISC 2011)},
	doi = {10.1007/978-3-642-24861-0_22},
	editor = {Lai, Xuejia and Zhou, Jianying and Li, Hui},
	pages = {325--340},
	publisher = {Springer Berlin / Heidelberg},
	title = {{How Much Is Enough? Choosing $\epsilon$ for Differential Privacy}},
	year = {2011}
}

@inproceedings{Hsu.et.al.2014.CSFS,
	author = {Hsu, Justin and Gaboardi, Marco and Haeberlen, Andreas and Khanna, Sanjeev and Narayan, Arjun and Pierce, Benjamin C. and Roth, Aaron},
	booktitle = {2014 IEEE 27th Computer Security Foundations Symposium},
	doi = {10.1109/CSF.2014.35},
	pages = {398--410},
	publisher = {IEEE},
	title = {{Differential Privacy: An Economic Method for Choosing Epsilon}},
	year = {2014}
}


@article{Abdalla.et.al.2020.JAMIA,
	author = {Abdalla, Mohamed and Abdalla, Moustafa and Rudzicz, Frank and Hirst, Graeme},
	doi = {10.1093/jamia/ocaa038},
	journal = {Journal of the American Medical Informatics Association},
	number = {6},
	pages = {901--907},
	title = {{Using word embeddings to improve the privacy of clinical notes}},
	volume = {27},
	year = {2020}
}

@article{Zhou.et.al.2020.arXiv,
	author = {Zhou, Jun and Chen, Chaochao and Zheng, Longfei and Zheng, Xiaolin and Wu, Bingzhe and Liu, Ziqi and Wang, Li},
	journal = {arXiv preprint},
	pages = {1--18},
	title = {{Privacy-Preserving Graph Neural Network for Node Classification}},
	url = {http://arxiv.org/abs/2005.11903},
	year = {2020}
}


@inproceedings{Coavoux.et.al.2018.EMNLP,
	address = {Brussels, Belgium},
	author = {Coavoux, Maximin and Narayan, Shashi and Cohen, Shay B.},
	booktitle = {Proceedings of the 2018 Conference on Empirical Methods in Natural Language Processing},
	doi = {10.18653/v1/D18-1001},
	pages = {1--10},
	publisher = {Association for Computational Linguistics},
	title = {{Privacy-preserving Neural Representations of Text}},
	url = {http://aclweb.org/anthology/D18-1001},
	year = {2018}
}


@inproceedings{Li.et.al.2018.ACLShort,
	address = {Melbourne, Australia},
	author = {Li, Yitong and Baldwin, Timothy and Cohn, Trevor},
	booktitle = {Proceedings of the 56th Annual Meeting of the Association for Computational Linguistics (Volume 2: Short Papers)},
	doi = {10.18653/v1/P18-2005},
	pages = {25--30},
	publisher = {Association for Computational Linguistics},
	title = {{Towards Robust and Privacy-preserving Text Representations}},
	year = {2018}
}

@inproceedings{McMahan.et.al.2018.ICLR,
	address = {Vancouver, BC, Canada},
	author = {McMahan, H. Brendan and Ramage, Daniel and Talwar, Kunal and Zhang, Li},
	booktitle = {Proceedings of the 6th International Conference on Learning Representations},
	pages = {1--14},
	title = {{Learning Differentially Private Recurrent Language Models}},
	year = {2018}
}

@book{Zhu.et.al.2017.book,
	author = {Zhu, Tianqing and Li, Gang and Zhou, Wanlei and Yu, Philip S.},
	year = {2017},
	publisher = {Springer International Publishing},
	title = {Differential Privacy and Applications},
	doi = {https://doi.org/10.1007/978-3-319-62004-6},
}

@inproceedings{Lyu.et.al.2020.SIGIR,
	address = {Virtual conference},
	author = {Lyu, Lingjuan and Li, Yitong and He, Xuanli and Xiao, Tong},
	booktitle = {Proceedings of the 43rd International ACM SIGIR Conference on Research and Development in Information Retrieval},
	doi = {10.1145/3397271.3401260},
	pages = {1813--1816},
	publisher = {ACM},
	title = {{Towards Differentially Private Text Representations}},
	year = {2020}
}

@inproceedings{Yang.et.al.2016.ICML,
	address = {New York, NY, USA},
	author = {Yang, Zhilin and Cohen, William W. and Salakhutdinov, Ruslan},
	booktitle = {Proceedings of The 33rd International Conference on Machine Learning},
	editor = {Balcan, Maria Florina and Weinberger, Kilian Q.},
	pages = {40--48},
	publisher = {PMLR},
	title = {{Revisiting Semi-Supervised Learning with Graph Embeddings}},
	url = {http://proceedings.mlr.press/v48/yanga16.html},
	volume = {48},
	year = {2016}
}

@article{Sen.et.al.2008.AIMag,
	address = {New York, NY},
	author = {Sen, Prithviraj and Namata, Galileo and Bilgic, Mustafa and Getoor, Lise and Galligher, Brian and Eliassi-Rad, Tina},
	doi = {10.1609/aimag.v29i3.2157},
	journal = {AI Magazine},
	number = {3},
	pages = {93},
	publisher = {Springer New York},
	title = {{Collective Classification in Network Data}},
	volume = {29},
	year = {2008}
}


@inproceedings{Giles.et.al.1998.DL,
	address = {Pittsburgh, PA, USA},
	author = {Giles, C. Lee and Bollacker, Kurt D. and Lawrence, Steve},
	booktitle = {Proceedings of the third ACM conference on Digital Libraries},
	doi = {10.1145/276675.276685},
	editor = {Witten, Ian H and Akscyn, Rob and Shipman, Frank M.},
	pages = {89--98},
	publisher = {ACM Press},
	title = {{CiteSeer: An Automatic Citation Indexing System}},
	year = {1998}
}

@article{McCallum.et.al.2000.IR,
	author = {McCallum, Andrew Kachites and Nigam, Kamal and Rennie, Jason and Seymore, Kristie},
	doi = {10.1023/A:1009953814988},
	journal = {Information Retrieval},
	number = {2},
	pages = {127--163},
	title = {{Automating the construction of internet portals with machine learning}},
	volume = {3},
	year = {2000}
}

@inproceedings{Kipf.Welling.2017.ICLR,
	address = {Toulon, France},
	author = {Kipf, Thomas N. and Welling, Max},
	booktitle = {Proceedings of International Conference on Learning Representations (ICLR 2017)},
	pages = {1--14},
	title = {{Semi-Supervised Classification with Graph Convolutional Networks}},
	year = {2017}
}

@inproceedings{Xu.et.al.2019.ICLR,
	address = {New Orleans, Louisiana},
	author = {Xu, Keyulu and Hu, Weihua and Leskovec, Jure and Jegelka, Stefanie},
	booktitle = {Proceedings of International Conference on Learning Representations (ICLR 2019)},
	pages = {1--17},
	title = {{How Powerful are Graph Neural Networks?}},
	year = {2019}
}


@inproceedings{DeCao.et.al.2019.NAACL,
	address = {Minneapolis, Minnesota},
	author = {{De Cao}, Nicola and Aziz, Wilker and Titov, Ivan},
	booktitle = {Proceedings of the 2019 Conference of the North American Chapter of the Association for Computational Linguistics: Human Language Technologies, Volume 1 (Long and Short Papers)},
	doi = {10.18653/v1/N19-1240},
	pages = {2306--2317},
	publisher = {Association for Computational Linguistics},
	title = {{Question Answering by Reasoning Across Documents with Graph Convolutional Networks}},
	year = {2019}
}


@Article{rossi2020sign,
  author  = {Rossi, Emanuele and Frasca, Fabrizio and Chamberlain, Ben and Eynard, Davide and Bronstein, Michael and Monti, Federico},
  journal = {arXiv preprint arXiv:2004.11198},
  title   = {SIGN: Scalable Inception Graph Neural Networks},
  year    = {2020},
  url     = {https://arxiv.org/pdf/2004.11198.pdf},
}

@inproceedings{takac2012data,
  title={Data analysis in public social networks},
  author={Takac, Lubos and Zabovsky, Michal},
  booktitle={International scientific conference and international workshop present day trends of innovations},
  address = {Łomża, Poland},
  year={2012}
}

@inproceedings{reimers2019sentence,
	address = {Hong Kong, China},
	author = {Reimers, Nils and Gurevych, Iryna},
	booktitle = {Proceedings of the 2019 Conference on Empirical Methods in Natural Language Processing and the 9th International Joint Conference on Natural Language Processing (EMNLP-IJCNLP)},
	doi = {10.18653/v1/D19-1410},
	pages = {3980--3990},
	publisher = {Association for Computational Linguistics},
	title = {{Sentence-BERT: Sentence Embeddings using Siamese BERT-Networks}},
	year = {2019}
}

@inproceedings{devlin2018bert,
	address = {Minneapolis, Minnesota},
	author = {Devlin, Jacob and Chang, Ming-Wei and Lee, Kenton and Toutanova, Kristina},
	booktitle = {Proceedings of the 2019 Conference of the North American Chapter of the Association for Computational Linguistics: Human Language Technologies, Volume 1 (Long and Short Papers)},
	doi = {10.18653/v1/N19-1423},
	pages = {4171--4186},
	publisher = {Association for Computational Linguistics},
	title = {{BERT: Pre-training of Deep Bidirectional Transformers for Language Understanding}},
	year = {2019}
}


@InProceedings{kingma2017adam,
	Title                    = {Adam: A Method for Stochastic Optimization},
	Author                   = {Kingma, Diederik and Ba, Jimmy},
	Booktitle                = {Proceedings of the 3rd International Conference for Learning Representations},
    editor    = {Yoshua Bengio and Yann LeCun},
	Year                     = {2015},
	
	Address                  = {San Diego, CA},
	
	Url                      = {http://arxiv.org/abs/1412.6980}
}



@article{lecun1998gradient,
  title={Gradient-based learning applied to document recognition},
  author={LeCun, Yann and Bottou, L{\'e}on and Bengio, Yoshua and Haffner, Patrick},
  journal={Proceedings of the IEEE},
  volume={86},
  number={11},
  pages={2278--2324},
  year={1998},
  publisher={Ieee}
}


@misc{snapnets,
	author       = {Jure Leskovec and Andrej Krevl},
	title        = {{SNAP Datasets}: {Stanford} Large Network Dataset Collection},
	howpublished = {\url{http://snap.stanford.edu/data}},
	month        = jun,
	year         = 2014
}

@inproceedings{Perozzi.Skiena.2015.WWW,
	address = {Florence, Italy},
	author = {Perozzi, Bryan and Skiena, Steven},
	booktitle = {Proceedings of the 24th International Conference on World Wide Web - WWW '15 Companion},
	doi = {10.1145/2740908.2742765},
	pages = {91--92},
	publisher = {ACM Press},
	title = {{Exact Age Prediction in Social Networks}},
	year = {2015}
}

@article{wang2020novel,
  title={A Novel Method for Twitter Sentiment Analysis Based on Attentional-Graph Neural Network},
  author={Wang, Mingda and Hu, Guangmin},
  journal={Information},
  volume={11},
  number={2},
  pages={92},
  year={2020},
  publisher={Multidisciplinary Digital Publishing Institute}
}

@inproceedings{marcheggiani2018exploiting,
title = "Exploiting Semantics in Neural Machine Translation with Graph Convolutional Networks",
author = "Marcheggiani, Diego  and
Bastings, Jasmijn  and
Titov, Ivan",
booktitle = "Proceedings of the 2018 Conference of the North {A}merican Chapter of the Association for Computational Linguistics: Human Language Technologies, Volume 2 (Short Papers)",
year = "2018",
address = "New Orleans, Louisiana",
publisher = "Association for Computational Linguistics",
doi = "10.18653/v1/N18-2078",
pages = "486--492",
}

@inproceedings{xu2020discourse,
	title = "Discourse-Aware Neural Extractive Text Summarization",
	author = "Xu, Jiacheng  and
	Gan, Zhe  and
	Cheng, Yu  and
	Liu, Jingjing",
	booktitle = "Proceedings of the 58th Annual Meeting of the Association for Computational Linguistics",
	year = "2020",
	address = "Online",
	publisher = "Association for Computational Linguistics",
	doi = "10.18653/v1/2020.acl-main.451",
	pages = "5021--5031",
}

@inproceedings{zheng2020srlgrn,
title = "{SRLGRN}: Semantic Role Labeling Graph Reasoning Network",
author = "Zheng, Chen  and
Kordjamshidi, Parisa",
booktitle = "Proceedings of the 2020 Conference on Empirical Methods in Natural Language Processing (EMNLP)",
year = "2020",
address = "Online",
publisher = "Association for Computational Linguistics",
url = "https://www.aclweb.org/anthology/2020.emnlp-main.714",
pages = "8881--8891",
}

@inproceedings{pradhan2012conll,
  title={CoNLL-2012 shared task: Modeling multilingual unrestricted coreference in OntoNotes},
  author={Pradhan, Sameer and Moschitti, Alessandro and Xue, Nianwen and Uryupina, Olga and Zhang, Yuchen},
  booktitle={Joint Conference on EMNLP and CoNLL-Shared Task},
  pages={1--40},
  year={2012}
}


@inproceedings{yang2018hotpotqa,
title = "{H}otpot{QA}: A Dataset for Diverse, Explainable Multi-hop Question Answering",
author = "Yang, Zhilin  and
Qi, Peng  and
Zhang, Saizheng  and
Bengio, Yoshua  and
Cohen, William  and
Salakhutdinov, Ruslan  and
Manning, Christopher D.",
booktitle = "Proceedings of the 2018 Conference on Empirical Methods in Natural Language Processing",
year = "2018",
address = "Brussels, Belgium",
publisher = "Association for Computational Linguistics",
doi = "10.18653/v1/D18-1259",
pages = "2369--2380",
}

@article{liu2004conceptnet,
  title={ConceptNet—a practical commonsense reasoning tool-kit},
  author={Liu, Hugo and Singh, Push},
  journal={BT technology journal},
  volume={22},
  number={4},
  pages={211--226},
  year={2004},
  publisher={Springer}
}

@inproceedings{vaswani2017attention,
  title={Attention is all you need},
  author={Vaswani, Ashish and Shazeer, Noam and Parmar, Niki and Uszkoreit, Jakob and Jones, Llion and Gomez, Aidan N and Kaiser, {\L}ukasz and Polosukhin, Illia},
  booktitle={Advances in neural information processing systems},
  pages={5998--6008},
  year={2017}
}

@article{sachan2020syntax,
  title={Do Syntax Trees Help Pre-trained Transformers Extract Information?},
  author={Sachan, Devendra Singh and Zhang, Yuhao and Qi, Peng and Hamilton, William},
  journal={arXiv preprint arXiv:2008.09084},
  year={2020}
}

@article{ruder2016overview,
  title={An overview of gradient descent optimization algorithms},
  author={Ruder, Sebastian},
  journal={arXiv preprint arXiv:1609.04747},
  year={2016}
}

@inproceedings{hitaj2017deep,
	author = {Hitaj, Briland and Ateniese, Giuseppe and Perez-Cruz, Fernando},
	title = {{Deep Models Under the GAN: Information Leakage from Collaborative Deep Learning}},
	year = {2017},
	publisher = {Association for Computing Machinery},
	address = {Dallas, TX, USA},
	doi = {10.1145/3133956.3134012},
	booktitle = {Proceedings of the 2017 ACM SIGSAC Conference on Computer and Communications Security},
	pages = {603–618},
}

@inproceedings{song2019auditing,
  title={Auditing data provenance in text-generation models},
  author={Song, Congzheng and Shmatikov, Vitaly},
  booktitle={Proceedings of the 25th ACM SIGKDD International Conference on Knowledge Discovery \& Data Mining},
  pages={196--206},
  year={2019}
}


@inproceedings{Rahimi.et.al.2018.ACL,
	address = {Melbourne, Australia},
	author = {Rahimi, Afshin and Cohn, Trevor and Baldwin, Timothy},
	booktitle = {Proceedings of the 56th Annual Meeting of the Association for Computational Linguistics (Volume 1: Long Papers)},
	doi = {10.18653/v1/P18-1187},
	pages = {2009--2019},
	publisher = {Association for Computational Linguistics},
	title = {{Semi-supervised User Geolocation via Graph Convolutional Networks}},
	year = {2018}
}

@inproceedings{pennington-etal-2014-glove,
	title = "{G}lo{V}e: Global Vectors for Word Representation",
	author = "Pennington, Jeffrey  and
	Socher, Richard  and
	Manning, Christopher",
	booktitle = "Proceedings of the 2014 Conference on Empirical Methods in Natural Language Processing ({EMNLP})",
	year = "2014",
	address = "Doha, Qatar",
	publisher = "Association for Computational Linguistics",
	doi = "10.3115/v1/D14-1162",
	pages = "1532--1543",
}

@inproceedings{grave2018learning,
  title={Learning Word Vectors for 157 Languages},
  author={Grave, Edouard and Bojanowski, Piotr and Gupta, Prakhar and Joulin, Armand and Mikolov, Tomas},
  booktitle={Proceedings of the International Conference on Language Resources and Evaluation (LREC 2018)},
  year={2018}
}

@inproceedings{chiang2019cluster,
  title={Cluster-gcn: An efficient algorithm for training deep and large graph convolutional networks},
  author={Chiang, Wei-Lin and Liu, Xuanqing and Si, Si and Li, Yang and Bengio, Samy and Hsieh, Cho-Jui},
  booktitle={Proceedings of the 25th ACM SIGKDD International Conference on Knowledge Discovery \& Data Mining},
  pages={257--266},
  year={2019}
}

@article{karypis1998fast,
  title={A fast and high quality multilevel scheme for partitioning irregular graphs},
  author={Karypis, George and Kumar, Vipin},
  journal={SIAM Journal on scientific Computing},
  volume={20},
  number={1},
  pages={359--392},
  year={1998},
  publisher={SIAM}
}

@article{dhillon2007weighted,
  title={Weighted graph cuts without eigenvectors a multilevel approach},
  author={Dhillon, Inderjit S and Guan, Yuqiang and Kulis, Brian},
  journal={IEEE transactions on pattern analysis and machine intelligence},
  volume={29},
  number={11},
  pages={1944--1957},
  year={2007},
  publisher={IEEE}
}

@article{bui1992finding,
  title={Finding good approximate vertex and edge partitions is NP-hard},
  author={Bui, Thang Nguyen and Jones, Curt},
  journal={Information Processing Letters},
  volume={42},
  number={3},
  pages={153--159},
  year={1992},
  publisher={Elsevier}
}

@article{warner1965randomized,
  title={Randomized response: A survey technique for eliminating evasive answer bias},
  author={Warner, Stanley L},
  journal={Journal of the American Statistical Association},
  volume={60},
  number={309},
  pages={63--69},
  year={1965},
  publisher={Taylor \& Francis}
}

@article{joulin2016bag,
  title={Bag of Tricks for Efficient Text Classification},
  author={Joulin, Armand and Grave, Edouard and Bojanowski, Piotr and Mikolov, Tomas},
  journal={arXiv preprint arXiv:1607.01759},
  year={2016}
}


@inproceedings{kasiviswanathan2013analyzing,
  title={Analyzing graphs with node differential privacy},
  author={Kasiviswanathan, Shiva Prasad and Nissim, Kobbi and Raskhodnikova, Sofya and Smith, Adam},
  booktitle={Theory of Cryptography Conference},
  pages={457--476},
  year={2013},
  organization={Springer}
}

@misc{yousefpour2021,
  doi = {10.48550/ARXIV.2109.12298},
  
  url = {https://arxiv.org/abs/2109.12298},
  
  author = {Yousefpour, Ashkan and Shilov, Igor and Sablayrolles, Alexandre and Testuggine, Davide and Prasad, Karthik and Malek, Mani and Nguyen, John and Ghosh, Sayan and Bharadwaj, Akash and Zhao, Jessica and Cormode, Graham and Mironov, Ilya},
  
  keywords = {Machine Learning (cs.LG), Cryptography and Security (cs.CR), FOS: Computer and information sciences, FOS: Computer and information sciences},
  
  title = {Opacus: User-Friendly Differential Privacy Library in PyTorch},
  
  publisher = {arXiv},
  
  year = {2021},
  
  copyright = {arXiv.org perpetual, non-exclusive license}
}

@misc{UnderstandingDP,
  title = {Understanding differential privacy and why it matters for digital rights},
  author = {Bennett Cyphers},
  howpublished = {\url{https://www.accessnow.org/understanding-differential-privacy-matters-digital-rights/}},
  year = 2017,
  note = {Accessed: 2021-02-17}
}

@article{subramani2021enabling,
  title={Enabling fast differentially private sgd via just-in-time compilation and vectorization},
  author={Subramani, Pranav and Vadivelu, Nicholas and Kamath, Gautam},
  journal={Advances in Neural Information Processing Systems},
  volume={34},
  pages={26409--26421},
  year={2021}
}

@inproceedings{carlini2021extracting,
  title={Extracting training data from large language models},
  author={Carlini, Nicholas and Tramer, Florian and Wallace, Eric and Jagielski, Matthew and Herbert-Voss, Ariel and Lee, Katherine and Roberts, Adam and Brown, Tom and Song, Dawn and Erlingsson, Ulfar and others},
  booktitle={30th USENIX Security Symposium (USENIX Security 21)},
  pages={2633--2650},
  year={2021}
}

@inproceedings{fredrikson2015model,
  title={Model inversion attacks that exploit confidence information and basic countermeasures},
  author={Fredrikson, Matt and Jha, Somesh and Ristenpart, Thomas},
  booktitle={Proceedings of the 22nd ACM SIGSAC conference on computer and communications security},
  pages={1322--1333},
  year={2015}
}

@inproceedings{dwork2006calibrating,
  title={Calibrating noise to sensitivity in private data analysis},
  author={Dwork, Cynthia and McSherry, Frank and Nissim, Kobbi and Smith, Adam},
  booktitle={Theory of cryptography conference},
  pages={265--284},
  year={2006},
  organization={Springer}
}